@article{1sucar2011vision,
  title={Visi{\'o}n computacional},
  author={Sucar, L Enrique and G{\'o}mez, Giovani},
  journal={Instituto Nacional de Astrof{\'\i}sica, {\'O}ptica y Electr{\'o}nica. M{\'e}xico},
  year={2011}
}

@article{2lecun1998gradient,
  title={Gradient-based learning applied to document recognition},
  author={LeCun, Yann and Bottou, L{\'e}on and Bengio, Yoshua and Haffner, Patrick},
  journal={Proceedings of the IEEE},
  volume={86},
  number={11},
  pages={2278--2324},
  year={1998},
  publisher={IEEE}
}

@misc{3Mnist,
	author = {{Y. LeCun, C. Cortes, y C. Burges.}},
	title = {{Mnist: A dataset of handwritten digits}},
	howpublished = "\url{http://yann.lecun.com/exdb/mnist/}",
	year = 2014, 
	note = "Last access: 2016-10-01"
}

@inproceedings{4ciregan2012multi,
  title={Multi-column deep neural networks for image classification},
  author={Ciregan, Dan and Meier, Ueli and Schmidhuber, J{\"u}rgen},
  booktitle={Computer Vision and Pattern Recognition (CVPR), 2012 IEEE Conference on},
  pages={3642--3649},
  year={2012},
  organization={IEEE}
}

@inproceedings{5deng2009imagenet,
  title={Imagenet: A large-scale hierarchical image database},
  author={Deng, Jia and Dong, Wei and Socher, Richard and Li, Li-Jia and Li, Kai and Fei-Fei, Li},
  booktitle={Computer Vision and Pattern Recognition, 2009. CVPR 2009. IEEE Conference on},
  pages={248--255},
  year={2009},
  organization={IEEE}
}


@article{6russakovsky2015imagenet,
  title={Imagenet large scale visual recognition challenge},
  author={Russakovsky, Olga and Deng, Jia and Su, Hao and Krause, Jonathan and Satheesh, Sanjeev and Ma, Sean and Huang, Zhiheng and Karpathy, Andrej and Khosla, Aditya and Bernstein, Michael and others},
  journal={International Journal of Computer Vision},
  volume={115},
  number={3},
  pages={211--252},
  year={2015},
  publisher={Springer}
}

@article{7fei2007learning,
  title={Learning generative visual models from few training examples: An incremental bayesian approach tested on 101 object categories},
  author={Fei-Fei, Li and Fergus, Rob and Perona, Pietro},
  journal={Computer vision and Image understanding},
  volume={106},
  number={1},
  pages={59--70},
  year={2007},
  publisher={Elsevier}
}

@inproceedings{8krizhevsky2012imagenet,
  title={Imagenet classification with deep convolutional neural networks},
  author={Krizhevsky, Alex and Sutskever, Ilya and Hinton, Geoffrey E},
  booktitle={Advances in neural information processing systems},
  pages={1097--1105},
  year={2012}
}


@article{9griffin2007caltech,
  title={Caltech-256 object category dataset},
  author={Griffin, Gregory and Holub, Alex and Perona, Pietro},
  year={2007},
  publisher={California Institute of Technology}
}

@inproceedings{10houben2013detection,
  title={Detection of traffic signs in real-world images: The German Traffic Sign Detection Benchmark},
  author={Houben, Sebastian and Stallkamp, Johannes and Salmen, Jan and Schlipsing, Marc and Igel, Christian},
  booktitle={Neural Networks (IJCNN), The 2013 International Joint Conference on},
  pages={1--8},
  year={2013},
  organization={IEEE}
}

@article{11stallkamp2012man,
  title={Man vs. computer: Benchmarking machine learning algorithms for traffic sign recognition},
  author={Stallkamp, Johannes and Schlipsing, Marc and Salmen, Jan and Igel, Christian},
  journal={Neural networks},
  volume={32},
  pages={323--332},
  year={2012},
  publisher={Elsevier}
}

@inproceedings{12sermanet2011traffic,
  title={Traffic sign recognition with multi-scale convolutional networks},
  author={Sermanet, Pierre and LeCun, Yann},
  booktitle={Neural Networks (IJCNN), The 2011 International Joint Conference on},
  pages={2809--2813},
  year={2011},
  organization={IEEE}
}

@inproceedings{13clark2015training,
  title={Training deep convolutional neural networks to play go},
  author={Clark, Christopher and Storkey, Amos},
  booktitle={International Conference on Machine Learning},
  pages={1766--1774},
  year={2015}
}

@book{14alonso2005personas,
  title={Personas con discapacidad: perspectivas psicopedag{\'o}gicas y rehabilitadoras},
  author={Alonso, M.A.V. and D{\'\i}az, A.L.A. and Alonso, M.{\'A}.V. and Aguado, A.},
  isbn={9788432308673},
  series={Manuales (Siglo XXI de Espa{\~n}a Editores).: Psicolog{\'\i}a},
  url={https://books.google.com.br/books?id=favoBgL-lL8C},
  year={2005},
  publisher={Siglo XXI de Espa{\~n}a}
}

@misc{15VC,
	author = {{Wikipedia}},
	title = {{Visión por computador}},
	howpublished = "\url{https://es.wikipedia.org/wiki/Visi%C3%B3n_artificial#cite_note-1}",
	year = 2016, 
	note = "Last access: 2016-08-01"
}

@mastersthesis{16pusiol2014redes,
  title={Redes convolucionales en comprensi{\'o}n de escenas},
  author={Pusiol, Pablo Daniel},
  type={{B.S.} thesis},
  year={2014}
}

@article{17bengio2013representation,
  title={Representation learning: A review and new perspectives},
  author={Bengio, Yoshua and Courville, Aaron and Vincent, Pascal},
  journal={IEEE transactions on pattern analysis and machine intelligence},
  volume={35},
  number={8},
  pages={1798--1828},
  year={2013},
  publisher={IEEE}
}

@mastersthesis{18restrepo2015aplicacion,
  title={Aplicaci{\'o}n del aprendizaje profundo (deep learning) al procesamiento de se{\~n}ales digitales},
  author={Restrepo Arteaga, Glen Jhan Pierre and others},
  type={{B.S.} thesis},
  year={2015},
  school={Universidad Aut{\'o}noma de Occidente}
}

@article{19sabino1994hacer,
  title={Como hacer una tesis y elaborar todo tipo de escritos},
  author={Sabino, Carlos},
  journal={Editorial Panapo. Venezuela},
  year={1994}
}

@article{20padilla2012evaluation,
  title={Evaluation of haar cascade classifiers designed for face detection},
  author={Padilla, R and Costa Filho, CFF and Costa, MGF},
  journal={World Academy of Science, Engineering and Technology},
  volume={64},
  year={2012}
}

@misc{21RedesNeuronales,
	author = {{José Rosales Fernández}},
	title = {{Redes Neuronales}},
	howpublished = "\url{http://www.usmp.edu.pe/publicaciones/boletin/fia/info32/pag4.htm}",
	year = 2016, 
	note = "Last access: 2016-09-11"
}

@misc{22RedesNeuronalesConvolu,
	author = {{CS231n}},
	title = {{Convolutional Neural Network for Visual Recognition}},
	howpublished = "\url{http://cs231n.github.io/convolutional-networks/#norm}",
	year = 2016, 
	note = "Last access: 2016-07-13"
}

@article{23silva2001metodologia,
  title={Metodologia da pesquisa e elabora{\c{c}}{\~a}o de disserta{\c{c}}{\~a}o},
  author={Silva, Edna L{\'u}cia da and Menezes, Estera Muszkat},
  year={2001},
  publisher={3. ed. rev. atual}
}

@misc{24fsigmoide,
	author = {{Wikipedia}},
	title = {{Función de activación Sigmoide}},
	howpublished = "\url{https://es.wikipedia.org/wiki/Funci%C3%B3n_sigmoide}",
	year = 2016, 
	note = "Last access: 2016-10-20"
}

@misc{25ftangencial,
	author = {{Wikipedia}},
	title = {{Función de activación tangencial}},
	howpublished = "\url{https://es.wikipedia.org/wiki/Tangente_hiperb%C3%B3lica}",
	year = 2016, 
	note = "Last access: 2016-10-20"
}


@misc{26fRelu,
	author = {{Wikipedia}},
	title = {{Función de activación Relu}},
	howpublished = "\url{https://en.wikipedia.org/wiki/Rectifier_(neural_networks)}",
	year = 2016, 
	note = "Last access: 2016-10-20"
}

@inproceedings{27lehr1993backpropagation,
  title={Backpropagation and its Applications},
  author={Lehr, Bernard Widrow Michael A},
  booktitle={Neural Network Computing for the Electric Power Industry: Proceedings of the 1992 INNS Summer Workshop},
  pages={21},
  year={1993},
  organization={Psychology Press}
}

@misc{28fAutoencoder,
	author = {{Wikipedia}},
	title = {{Autoencoder}},
	howpublished = "\url{https://en.wikipedia.org/wiki/Autoencoder}",
	year = 2016, 
	note = "Last access: 2016-10-22"
}


@article{29ekman2016scientists,
  title={What scientists who study emotion agree about},
  author={Ekman, Paul},
  journal={Perspectives on Psychological Science},
  volume={11},
  number={1},
  pages={31--34},
  year={2016},
  publisher={SAGE Publications Sage CA: Los Angeles, CA}
}

@misc{30Mconfusion,
	author = {{Wikipedia}},
	title = {{Confusion Matrix}},
	howpublished = "\url{https://en.wikipedia.org/wiki/Confusion_matrix}",
	year = 2016, 
	note = "Last access: 2016-10-26"
}

@misc{31MLApplications,
	author = {{Intelygenz}},
	title = {{Machine Learning and aplication}},
	howpublished = "\url{http://www.intelygenz.es/que-es-machine-learning-y-que-aplicaciones-tiene-dia-a-dia/}",
	year = 2016, 
	note = "Last access: 2016-10-27"
}

@misc{32Stopping,
	author = {{deeplearning4j}},
	title = {{Early Stopping}},
	howpublished = "\url{https://deeplearning4j.org/earlystopping#early-stopping}",
	year = 2016, 
	note = "Last access: 2016-10-30"
}